<record><leader>00000cas a2200000Ma 4500</leader><controlfield tag="001">10860851</controlfield><controlfield tag="008">840619d18291835mauwr ne      0    0eng d</controlfield><datafield ind1=" " ind2=" " tag="010"><subfield code="a">sn 84023395 </subfield></datafield><datafield ind1=" " ind2=" " tag="040"><subfield code="a">AQM</subfield><subfield code="b">eng</subfield><subfield code="c">AQM</subfield><subfield code="d">OCLCQ</subfield></datafield><datafield ind1="0" ind2=" " tag="130"><subfield code="a">Old countryman (Boston, Mass.)</subfield></datafield><datafield ind1="1" ind2="0" tag="245"><subfield code="a">Old countryman.</subfield></datafield><datafield ind1=" " ind2=" " tag="260"><subfield code="a">Boston, Mass. :</subfield><subfield code="b">Edgar W. Davies</subfield></datafield><datafield ind1=" " ind2=" " tag="300"><subfield code="a">v.</subfield></datafield><datafield ind1=" " ind2=" " tag="310"><subfield code="a">Weekly</subfield></datafield><datafield ind1="1" ind2=" " tag="362"><subfield code="a">Began with Oct. 10, 1829 issue; ceased with Sept. 23, 1835 issue?</subfield><subfield code="z">Cf. Amer. newspapers, 1821-1936.</subfield></datafield><datafield ind1=" " ind2=" " tag="500"><subfield code="a">Subtitles include: "And English, Irish, Scotch, Welsh, and colonial mirror;" "Or, Scotch, English, Irish, Welsh, and colonial mirror;" and several other variants.</subfield></datafield><datafield ind1=" " ind2=" " tag="500"><subfield code="a">Published at New York, N.Y., July 1830-Sept. 1835.</subfield></datafield><datafield ind1=" " ind2=" " tag="500"><subfield code="a">Editors: H.J. Pickering, 1829-1835; E.W. Davies, &lt;1830&gt;-1834.</subfield></datafield><datafield ind1=" " ind2=" " tag="588"><subfield code="a">Description based on: Vol. 1, no. 13 (Dec. 31, 1829).</subfield></datafield><datafield ind1=" " ind2="0" tag="650"><subfield code="a">Irish Americans</subfield><subfield code="v">Newspapers.</subfield></datafield><datafield ind1=" " ind2="4" tag="655"><subfield code="a">Ethnic newspapers.</subfield></datafield><datafield ind1="1" ind2=" " tag="700"><subfield code="a">Pickering, H. J.</subfield><subfield code="q">(Henry J.)</subfield></datafield><datafield ind1="1" ind2=" " tag="700"><subfield code="a">Davies, Edgar W.</subfield></datafield><datafield ind1=" " ind2=" " tag="752"><subfield code="a">United States</subfield><subfield code="b">Massachusetts</subfield><subfield code="c">Suffolk</subfield><subfield code="d">Boston.</subfield></datafield><datafield ind1=" " ind2=" " tag="752"><subfield code="a">United States</subfield><subfield code="b">New York</subfield><subfield code="c">New York</subfield><subfield code="d">New York.</subfield></datafield><datafield ind1="0" ind2="7" tag="785"><subfield code="t">Emigrant (New York, N.Y. : 1833)</subfield><subfield code="w">(DLC)sn 84023393</subfield></datafield><datafield ind1="0" ind2="7" tag="785"><subfield code="t">Emigrant &amp; old countryman</subfield><subfield code="w">(DLC)sn 84023394</subfield></datafield><datafield ind1="1" ind2=" " tag="029"><subfield code="a">AU@</subfield><subfield code="b">000020129471</subfield></datafield></record>